@ARTICLE{2019JHEP...01..121K,
       author = {{Komiske}, Patrick T. and {Metodiev}, Eric M. and {Thaler}, Jesse},
        title = "{Energy flow networks: deep sets for particle jets}",
      journal = {Journal of High Energy Physics},
     keywords = {Jets, QCD Phenomenology, High Energy Physics - Phenomenology, High Energy Physics - Experiment, Statistics - Machine Learning},
         year = 2019,
        month = jan,
       volume = {2019},
       number = {1},
          eid = {121},
        pages = {121},
          doi = {10.1007/JHEP01(2019)121},
archivePrefix = {arXiv},
       eprint = {1810.05165},
 primaryClass = {hep-ph},
       adsurl = {https://ui.adsabs.harvard.edu/abs/2019JHEP...01..121K},
      adsnote = {Provided by the SAO/NASA Astrophysics Data System}
}

@ARTICLE{2019arXiv190602795Z,
       author = {{Zhang}, Yan and {Hare}, Jonathon and {Pr{\"u}gel-Bennett}, Adam},
        title = "{FSPool: Learning Set Representations with Featurewise Sort Pooling}",
      journal = {arXiv e-prints},
     keywords = {Computer Science - Machine Learning, Computer Science - Artificial Intelligence, Statistics - Machine Learning},
         year = 2019,
        month = jun,
          eid = {arXiv:1906.02795},
        pages = {arXiv:1906.02795},
archivePrefix = {arXiv},
       eprint = {1906.02795},
 primaryClass = {cs.LG},
       adsurl = {https://ui.adsabs.harvard.edu/abs/2019arXiv190602795Z},
      adsnote = {Provided by the SAO/NASA Astrophysics Data System}
}

@ARTICLE{2019arXiv190606565Z,
       author = {{Zhang}, Yan and {Hare}, Jonathon and {Pr{\"u}gel-Bennett}, Adam},
        title = "{Deep Set Prediction Networks}",
      journal = {arXiv e-prints},
     keywords = {Computer Science - Machine Learning, Statistics - Machine Learning},
         year = 2019,
        month = jun,
          eid = {arXiv:1906.06565},
        pages = {arXiv:1906.06565},
archivePrefix = {arXiv},
       eprint = {1906.06565},
 primaryClass = {cs.LG},
       adsurl = {https://ui.adsabs.harvard.edu/abs/2019arXiv190606565Z},
      adsnote = {Provided by the SAO/NASA Astrophysics Data System}
}
@ARTICLE{2017arXiv170306114Z,
       author = {{Zaheer}, Manzil and {Kottur}, Satwik and {Ravanbakhsh}, Siamak and
         {Poczos}, Barnabas and {Salakhutdinov}, Ruslan and {Smola}, Alexander},
        title = "{Deep Sets}",
      journal = {arXiv e-prints},
     keywords = {Computer Science - Machine Learning, Statistics - Machine Learning},
         year = 2017,
        month = mar,
          eid = {arXiv:1703.06114},
        pages = {arXiv:1703.06114},
archivePrefix = {arXiv},
       eprint = {1703.06114},
 primaryClass = {cs.LG},
       adsurl = {https://ui.adsabs.harvard.edu/abs/2017arXiv170306114Z},
      adsnote = {Provided by the SAO/NASA Astrophysics Data System}
}
@dataset{melissa_van_beekveld_2021_4443151,
  author       = {Melissa van Beekveld},
  title        = {DarkMachines secret dataset},
  month        = jan,
  year         = 2021,
  publisher    = {Zenodo},
  doi          = {10.5281/zenodo.4443151},
  url          = {https://doi.org/10.5281/zenodo.4443151}
}

@dataset{darkmachines_community_2020_3961917,
  author       = {DarkMachines community},
  title        = {Unsupervised-Hackathon},
  month        = jul,
  year         = 2020,
  publisher    = {Zenodo},
  doi          = {10.5281/zenodo.3961917},
  url          = {https://doi.org/10.5281/zenodo.3961917}
}
@article{Kasieczka:2021xcg,
    author = "Kasieczka, Gregor and others",
    title = "{The LHC Olympics 2020: A Community Challenge for Anomaly Detection in High Energy Physics}",
    eprint = "2101.08320",
    archivePrefix = "arXiv",
    primaryClass = "hep-ph",
    month = "1",
    year = "2021"
}

% GraphNets
@misc{wang2019dynamic,
      title={Dynamic Graph CNN for Learning on Point Clouds},
      author={Yue Wang and Yongbin Sun and Ziwei Liu and Sanjay E. Sarma and Michael M. Bronstein and Justin M. Solomon},
      year={2019},
      eprint={1801.07829},
      archivePrefix={arXiv},
      primaryClass={cs.CV}
}
@article{Shlomi:2020gdn,
    author = "Shlomi, Jonathan and Battaglia, Peter and Vlimant, Jean-Roch",
    title = "{Graph Neural Networks in Particle Physics}",
    eprint = "2007.13681",
    archivePrefix = "arXiv",
    primaryClass = "hep-ex",
    doi = "10.1088/2632-2153/abbf9a",
    month = "7",
    year = "2020"
}
@article{Qu:2019gqs,
    author = "Qu, Huilin and Gouskos, Loukas",
    title = "{ParticleNet: Jet Tagging via Particle Clouds}",
    eprint = "1902.08570",
    archivePrefix = "arXiv",
    primaryClass = "hep-ph",
    doi = "10.1103/PhysRevD.101.056019",
    journal = "Phys. Rev. D",
    volume = "101",
    number = "5",
    pages = "056019",
    year = "2020"
}
@article{Komiske:2019fks,
    author = "Komiske, Patrick T. and Metodiev, Eric M. and Thaler, Jesse",
    title = "{Metric Space of Collider Events}",
    eprint = "1902.02346",
    archivePrefix = "arXiv",
    primaryClass = "hep-ph",
    reportNumber = "MIT-CTP 5102",
    doi = "10.1103/PhysRevLett.123.041801",
    journal = "Phys. Rev. Lett.",
    volume = "123",
    number = "4",
    pages = "041801",
    year = "2019"
}
@incollection{NEURIPS2019_9015,
title = {PyTorch: An Imperative Style, High-Performance Deep Learning Library},
author = {Paszke, Adam and Gross, Sam and Massa, Francisco and Lerer, Adam and Bradbury, James and Chanan, Gregory and Killeen, Trevor and Lin, Zeming and Gimelshein, Natalia and Antiga, Luca and Desmaison, Alban and Kopf, Andreas and Yang, Edward and DeVito, Zachary and Raison, Martin and Tejani, Alykhan and Chilamkurthy, Sasank and Steiner, Benoit and Fang, Lu and Bai, Junjie and Chintala, Soumith},
booktitle = {Advances in Neural Information Processing Systems 32},
editor = {H. Wallach and H. Larochelle and A. Beygelzimer and F. dAlch\'{e}-Buc and E. Fox and R. Garnett},
pages = {8024--8035},
year = {2019},
publisher = {Curran Associates, Inc.},
url = {http://papers.neurips.cc/paper/9015-pytorch-an-imperative-style-high-performance-deep-learning-library.pdf}
}
@ARTICLE{2014arXiv1412.6980K,
       author = {{Kingma}, Diederik P. and {Ba}, Jimmy},
        title = "{Adam: A Method for Stochastic Optimization}",
      journal = {arXiv e-prints},
     keywords = {Computer Science - Machine Learning},
         year = 2014,
        month = dec,
          eid = {arXiv:1412.6980},
        pages = {arXiv:1412.6980},
archivePrefix = {arXiv},
       eprint = {1412.6980},
 primaryClass = {cs.LG},
       adsurl = {https://ui.adsabs.harvard.edu/abs/2014arXiv1412.6980K},
      adsnote = {Provided by the SAO/NASA Astrophysics Data System}
}
@article{Aarrestad:2021oeb,
    author = "Aarrestad, T. and others",
    title = "{The Dark Machines Anomaly Score Challenge: Benchmark Data and Model Independent Event Classification for the Large Hadron Collider}",
    eprint = "2105.14027",
    archivePrefix = "arXiv",
    primaryClass = "hep-ph",
    month = "5",
    year = "2021"
}
@software{bryan_ostdiek_2021_4897467,
  author       = {Bryan Ostdiek},
  title        = {{bostdiek/DarkMachines-UnsupervisedChallenge:
                   arXiv\_v1}},
  month        = jun,
  year         = 2021,
  publisher    = {Zenodo},
  version      = {0.2-alpha},
  doi          = {10.5281/zenodo.4897467},
  url          = {https://doi.org/10.5281/zenodo.4897467}
}
@dataset{darkmachines_community_2020_3685861,
  author       = {DarkMachines community},
  title        = {LHC Simulation Project},
  month        = feb,
  year         = 2020,
  publisher    = {Zenodo},
  version      = {v1},
  doi          = {10.5281/zenodo.3685861},
  url          = {https://doi.org/10.5281/zenodo.3685861}
}
@article{Caron:2021wmq,
    author = "Caron, Sascha and Hendriks, Luc and Verheyen, Rob",
    title = "{Rare and Different: Anomaly Scores from a combination of likelihood and out-of-distribution models to detect new physics at the LHC}",
    eprint = "2106.10164",
    archivePrefix = "arXiv",
    primaryClass = "hep-ph",
    month = "6",
    year = "2021"
}
@article{Nachman:2020ccu,
    author = "Nachman, Benjamin",
    title = "{Anomaly Detection for Physics Analysis and Less than Supervised Learning}",
    eprint = "2010.14554",
    archivePrefix = "arXiv",
    primaryClass = "hep-ph",
    month = "10",
    year = "2020"
}

%density
@article{Collins:2018epr,
    author = "Collins, Jack H. and Howe, Kiel and Nachman, Benjamin",
    title = "{Anomaly Detection for Resonant New Physics with Machine Learning}",
    eprint = "1805.02664",
    archivePrefix = "arXiv",
    primaryClass = "hep-ph",
    reportNumber = "FERMILAB-PUB-18-180-T",
    doi = "10.1103/PhysRevLett.121.241803",
    journal = "Phys. Rev. Lett.",
    volume = "121",
    number = "24",
    pages = "241803",
    year = "2018"
}
@article{DAgnolo:2018cun,
    author = "D'Agnolo, Raffaele Tito and Wulzer, Andrea",
    title = "{Learning New Physics from a Machine}",
    eprint = "1806.02350",
    archivePrefix = "arXiv",
    primaryClass = "hep-ph",
    doi = "10.1103/PhysRevD.99.015014",
    journal = "Phys. Rev. D",
    volume = "99",
    number = "1",
    pages = "015014",
    year = "2019"
}
@article{DeSimone:2018efk,
    author = "De Simone, Andrea and Jacques, Thomas",
    title = "{Guiding New Physics Searches with Unsupervised Learning}",
    eprint = "1807.06038",
    archivePrefix = "arXiv",
    primaryClass = "hep-ph",
    reportNumber = "SISSA 27/2018/FISI",
    doi = "10.1140/epjc/s10052-019-6787-3",
    journal = "Eur. Phys. J. C",
    volume = "79",
    number = "4",
    pages = "289",
    year = "2019"
}
@ARTICLE{2018arXiv180902977C,
       author = {{Casa}, Alessandro and {Menardi}, Giovanna},
        title = "{Nonparametric semisupervised classification for signal detection in high energy physics}",
      journal = {arXiv e-prints},
     keywords = {Statistics - Applications},
         year = 2018,
        month = sep,
          eid = {arXiv:1809.02977},
        pages = {arXiv:1809.02977},
archivePrefix = {arXiv},
       eprint = {1809.02977},
 primaryClass = {stat.AP},
       adsurl = {https://ui.adsabs.harvard.edu/abs/2018arXiv180902977C},
      adsnote = {Provided by the SAO/NASA Astrophysics Data System}
}
@article{Collins:2019jip,
    author = "Collins, Jack H. and Howe, Kiel and Nachman, Benjamin",
    title = "{Extending the search for new resonances with machine learning}",
    eprint = "1902.02634",
    archivePrefix = "arXiv",
    primaryClass = "hep-ph",
    reportNumber = "FERMILAB-PUB-18-733-T",
    doi = "10.1103/PhysRevD.99.014038",
    journal = "Phys. Rev. D",
    volume = "99",
    number = "1",
    pages = "014038",
    year = "2019"
}
@article{Dillon:2019cqt,
    author = "Dillon, Barry M. and Faroughy, Darius A. and Kamenik, Jernej F.",
    title = "{Uncovering latent jet substructure}",
    eprint = "1904.04200",
    archivePrefix = "arXiv",
    primaryClass = "hep-ph",
    doi = "10.1103/PhysRevD.100.056002",
    journal = "Phys. Rev. D",
    volume = "100",
    number = "5",
    pages = "056002",
    year = "2019"
}
@article{Mullin:2019mmh,
    author = "Mullin, Anna and Nicholls, Stuart and Pacey, Holly and Parker, Michael and White, Martin and Williams, Sarah",
    title = "{Does SUSY have friends? A new approach for LHC event analysis}",
    eprint = "1912.10625",
    archivePrefix = "arXiv",
    primaryClass = "hep-ph",
    reportNumber = "ADP-20-1/T1111",
    doi = "10.1007/JHEP02(2021)160",
    journal = "JHEP",
    volume = "02",
    pages = "160",
    year = "2021"
}
@article{DAgnolo:2019vbw,
    author = "D'Agnolo, Raffaele Tito and Grosso, Gaia and Pierini, Maurizio and Wulzer, Andrea and Zanetti, Marco",
    title = "{Learning multivariate new physics}",
    eprint = "1912.12155",
    archivePrefix = "arXiv",
    primaryClass = "hep-ph",
    reportNumber = "CERN-TH-2019-226",
    doi = "10.1140/epjc/s10052-021-08853-y",
    journal = "Eur. Phys. J. C",
    volume = "81",
    number = "1",
    pages = "89",
    year = "2021"
}
@article{Nachman:2020lpy,
    author = "Nachman, Benjamin and Shih, David",
    title = "{Anomaly Detection with Density Estimation}",
    eprint = "2001.04990",
    archivePrefix = "arXiv",
    primaryClass = "hep-ph",
    doi = "10.1103/PhysRevD.101.075042",
    journal = "Phys. Rev. D",
    volume = "101",
    pages = "075042",
    year = "2020"
}
@article{Andreassen:2020nkr,
    author = "Andreassen, Anders and Nachman, Benjamin and Shih, David",
    title = "{Simulation Assisted Likelihood-free Anomaly Detection}",
    eprint = "2001.05001",
    archivePrefix = "arXiv",
    primaryClass = "hep-ph",
    doi = "10.1103/PhysRevD.101.095004",
    journal = "Phys. Rev. D",
    volume = "101",
    number = "9",
    pages = "095004",
    year = "2020"
}
@article{ATLAS:2020iwa,
    author = "Aad, Georges and others",
    collaboration = "ATLAS",
    title = "{Dijet resonance search with weak supervision using $\sqrt{s}=13$ TeV $pp$ collisions in the ATLAS detector}",
    eprint = "2005.02983",
    archivePrefix = "arXiv",
    primaryClass = "hep-ex",
    reportNumber = "CERN-EP-2020-062",
    doi = "10.1103/PhysRevLett.125.131801",
    journal = "Phys. Rev. Lett.",
    volume = "125",
    number = "13",
    pages = "131801",
    year = "2020"
}
@article{Dillon:2020quc,
    author = "Dillon, B. M. and Faroughy, D. A. and Kamenik, J. F. and Szewc, M.",
    title = "{Learning the latent structure of collider events}",
    eprint = "2005.12319",
    archivePrefix = "arXiv",
    primaryClass = "hep-ph",
    doi = "10.1007/JHEP10(2020)206",
    journal = "JHEP",
    volume = "10",
    pages = "206",
    year = "2020"
}
@article{Benkendorfer:2020gek,
    author = "Benkendorfer, Kees and Pottier, Luc Le and Nachman, Benjamin",
    title = "{Simulation-assisted decorrelation for resonant anomaly detection}",
    eprint = "2009.02205",
    archivePrefix = "arXiv",
    primaryClass = "hep-ph",
    doi = "10.1103/PhysRevD.104.035003",
    journal = "Phys. Rev. D",
    volume = "104",
    number = "3",
    pages = "035003",
    year = "2021"
}
@article{Mikuni:2020qds,
    author = "Mikuni, Vinicius and Canelli, Florencia",
    title = "{Unsupervised clustering for collider physics}",
    eprint = "2010.07106",
    archivePrefix = "arXiv",
    primaryClass = "physics.data-an",
    doi = "10.1103/PhysRevD.103.092007",
    journal = "Phys. Rev. D",
    volume = "103",
    number = "9",
    pages = "092007",
    year = "2021"
}
@inproceedings{Stein:2020rou,
    author = "Stein, George and Seljak, Uros and Dai, Biwei",
    title = "{Unsupervised in-distribution anomaly detection of new physics through conditional density estimation}",
    booktitle = "{34th Conference on Neural Information Processing Systems}",
    eprint = "2012.11638",
    archivePrefix = "arXiv",
    primaryClass = "cs.LG",
    month = "12",
    year = "2020"
}
@article{Batson:2021agz,
    author = "Batson, Joshua and Haaf, C. Grace and Kahn, Yonatan and Roberts, Daniel A.",
    title = "{Topological Obstructions to Autoencoding}",
    eprint = "2102.08380",
    archivePrefix = "arXiv",
    primaryClass = "hep-ph",
    reportNumber = "MIT-CTP/5264",
    doi = "10.1007/JHEP04(2021)280",
    journal = "JHEP",
    volume = "04",
    pages = "280",
    year = "2021"
}
@article{Blance:2021gcs,
    author = "Blance, Andrew and Spannowsky, Michael",
    title = "{Unsupervised Event Classification with Graphs on Classical and Photonic Quantum Computers}",
    eprint = "2103.03897",
    archivePrefix = "arXiv",
    primaryClass = "hep-ph",
    month = "3",
    year = "2021"
}
@article{Bortolato:2021zic,
    author = "Bortolato, Bla\v{z} and Dillon, Barry M. and Kamenik, Jernej F. and Smolkovi\v{c}, Aleks",
    title = "{Bump Hunting in Latent Space}",
    eprint = "2103.06595",
    archivePrefix = "arXiv",
    primaryClass = "hep-ph",
    month = "3",
    year = "2021"
}
@article{Collins:2021nxn,
    author = "Collins, Jack H. and Mart\'\i{}n-Ramiro, Pablo and Nachman, Benjamin and Shih, David",
    title = "{Comparing weak- and unsupervised methods for resonant anomaly detection}",
    eprint = "2104.02092",
    archivePrefix = "arXiv",
    primaryClass = "hep-ph",
    doi = "10.1140/epjc/s10052-021-09389-x",
    journal = "Eur. Phys. J. C",
    volume = "81",
    number = "7",
    pages = "617",
    year = "2021"
}
@article{Dorigo:2021iyy,
    author = "Dorigo, Tommaso and Fumanelli, Martina and Maccani, Chiara and Mojsovska, Marija and Strong, Giles C. and Scarpa, Bruno",
    title = "{RanBox: Anomaly Detection in the Copula Space}",
    eprint = "2106.05747",
    archivePrefix = "arXiv",
    primaryClass = "physics.data-an",
    month = "6",
    year = "2021"
}
@article{Volkovich:2021txe,
    author = "Volkovich, Sergey and De Vito Halevy, Federico and Bressler, Shikma",
    title = "{The Data-Directed Paradigm for BSM searches}",
    eprint = "2107.11573",
    archivePrefix = "arXiv",
    primaryClass = "hep-ex",
    month = "7",
    year = "2021"
}


% ********************
% out of distribution
% ********************
@article{Aguilar-Saavedra:2017rzt,
    author = "Aguilar-Saavedra, J. A. and Collins, Jack H. and Mishra, Rashmish K.",
    title = "{A generic anti-QCD jet tagger}",
    eprint = "1709.01087",
    archivePrefix = "arXiv",
    primaryClass = "hep-ph",
    doi = "10.1007/JHEP11(2017)163",
    journal = "JHEP",
    volume = "11",
    pages = "163",
    year = "2017"
}
@article{Hajer:2018kqm,
    author = "Hajer, Jan and Li, Ying-Ying and Liu, Tao and Wang, He",
    title = "{Novelty Detection Meets Collider Physics}",
    eprint = "1807.10261",
    archivePrefix = "arXiv",
    primaryClass = "hep-ph",
    doi = "10.1103/PhysRevD.101.076015",
    journal = "Phys. Rev. D",
    volume = "101",
    number = "7",
    pages = "076015",
    year = "2020"
}
@article{Heimel:2018mkt,
    author = "Heimel, Theo and Kasieczka, Gregor and Plehn, Tilman and Thompson, Jennifer M.",
    title = "{QCD or What?}",
    eprint = "1808.08979",
    archivePrefix = "arXiv",
    primaryClass = "hep-ph",
    doi = "10.21468/SciPostPhys.6.3.030",
    journal = "SciPost Phys.",
    volume = "6",
    number = "3",
    pages = "030",
    year = "2019"
}
@article{Farina:2018fyg,
    author = "Farina, Marco and Nakai, Yuichiro and Shih, David",
    title = "{Searching for New Physics with Deep Autoencoders}",
    eprint = "1808.08992",
    archivePrefix = "arXiv",
    primaryClass = "hep-ph",
    doi = "10.1103/PhysRevD.101.075021",
    journal = "Phys. Rev. D",
    volume = "101",
    number = "7",
    pages = "075021",
    year = "2020"
}
@article{Cerri:2018anq,
    author = "Cerri, Olmo and Nguyen, Thong Q. and Pierini, Maurizio and Spiropulu, Maria and Vlimant, Jean-Roch",
    title = "{Variational Autoencoders for New Physics Mining at the Large Hadron Collider}",
    eprint = "1811.10276",
    archivePrefix = "arXiv",
    primaryClass = "hep-ex",
    doi = "10.1007/JHEP05(2019)036",
    journal = "JHEP",
    volume = "05",
    pages = "036",
    year = "2019"
}
@article{Roy:2019jae,
    author = "Roy, Tuhin S. and Vijay, Aravind H.",
    title = "{A robust anomaly finder based on autoencoders}",
    eprint = "1903.02032",
    archivePrefix = "arXiv",
    primaryClass = "hep-ph",
    reportNumber = "TIFR/TH/19-4",
    month = "3",
    year = "2019"
}
@article{Blance:2019ibf,
    author = "Blance, Andrew and Spannowsky, Michael and Waite, Philip",
    title = "{Adversarially-trained autoencoders for robust unsupervised new physics searches}",
    eprint = "1905.10384",
    archivePrefix = "arXiv",
    primaryClass = "hep-ph",
    reportNumber = "IPPP/19/41",
    doi = "10.1007/JHEP10(2019)047",
    journal = "JHEP",
    volume = "10",
    pages = "047",
    year = "2019"
}
@article{RomaoCrispim:2019tai,
    author = "Rom\~ao Crispim, M. and Castro, N. F. and Pedro, R. and Vale, T.",
    title = "{Transferability of Deep Learning Models in Searches for New Physics at Colliders}",
    eprint = "1912.04220",
    archivePrefix = "arXiv",
    primaryClass = "hep-ph",
    doi = "10.1103/PhysRevD.101.035042",
    journal = "Phys. Rev. D",
    volume = "101",
    number = "3",
    pages = "035042",
    year = "2020"
}
@article{Amram:2020ykb,
    author = "Amram, Oz and Suarez, Cristina Mantilla",
    title = "{Tag N\textquoteright{} Train: a technique to train improved classifiers on unlabeled data}",
    eprint = "2002.12376",
    archivePrefix = "arXiv",
    primaryClass = "hep-ph",
    doi = "10.1007/JHEP01(2021)153",
    journal = "JHEP",
    volume = "01",
    pages = "153",
    year = "2021"
}
@article{CrispimRomao:2020ejk,
    author = "Crispim Rom\~ao, M. and Castro, N. F. and Milhano, J. G. and Pedro, R. and Vale, T.",
    title = "{Use of a generalized energy Mover\textquoteright{}s distance in the search for rare phenomena at colliders}",
    eprint = "2004.09360",
    archivePrefix = "arXiv",
    primaryClass = "hep-ph",
    doi = "10.1140/epjc/s10052-021-08891-6",
    journal = "Eur. Phys. J. C",
    volume = "81",
    number = "2",
    pages = "192",
    year = "2021"
}
@article{Knapp:2020dde,
    author = "Knapp, Oliver and Cerri, Olmo and Dissertori, Guenther and Nguyen, Thong Q. and Pierini, Maurizio and Vlimant, Jean-Roch",
    title = "{Adversarially Learned Anomaly Detection on CMS Open Data: re-discovering the top quark}",
    eprint = "2005.01598",
    archivePrefix = "arXiv",
    primaryClass = "hep-ex",
    doi = "10.1140/epjp/s13360-021-01109-4",
    journal = "Eur. Phys. J. Plus",
    volume = "136",
    number = "2",
    pages = "236",
    year = "2021"
}
@article{CrispimRomao:2020ucc,
    author = "Crispim Rom\~ao, M. and Castro, N. F. and Pedro, R.",
    title = "{Finding New Physics without learning about it: Anomaly Detection as a tool for Searches at Colliders}",
    eprint = "2006.05432",
    archivePrefix = "arXiv",
    primaryClass = "hep-ph",
    doi = "10.1140/epjc/s10052-020-08807-w",
    journal = "Eur. Phys. J. C",
    volume = "81",
    number = "1",
    pages = "27",
    year = "2021"
}
@article{Cheng:2020dal,
    author = "Cheng, Taoli and Arguin, Jean-Fran\c{c}ois and Leissner-Martin, Julien and Pilette, Jacinthe and Golling, Tobias",
    title = "{Variational Autoencoders for Anomalous Jet Tagging}",
    eprint = "2007.01850",
    archivePrefix = "arXiv",
    primaryClass = "hep-ph",
    month = "7",
    year = "2020"
}
@article{Khosa:2020qrz,
    author = "Khosa, Charanjit K. and Sanz, Veronica",
    title = "{Anomaly Awareness}",
    eprint = "2007.14462",
    archivePrefix = "arXiv",
    primaryClass = "cs.LG",
    month = "7",
    year = "2020"
}
@article{Thaprasop:2020mzp,
    author = "Thaprasop, Punnathat and Zhou, Kai and Steinheimer, Jan and Herold, Christoph",
    title = "{Unsupervised Outlier Detection in Heavy-Ion Collisions}",
    eprint = "2007.15830",
    archivePrefix = "arXiv",
    primaryClass = "hep-ex",
    doi = "10.1088/1402-4896/abf214",
    journal = "Phys. Scripta",
    volume = "96",
    number = "6",
    pages = "064003",
    year = "2021"
}
@article{Aguilar-Saavedra:2020uhm,
    author = "Aguilar-Saavedra, J. A. and Joaquim, F. R. and Seabra, J. F.",
    title = "{Mass Unspecific Supervised Tagging (MUST) for boosted jets}",
    eprint = "2008.12792",
    archivePrefix = "arXiv",
    primaryClass = "hep-ph",
    doi = "10.1007/JHEP03(2021)012",
    journal = "JHEP",
    volume = "03",
    pages = "012",
    year = "2021",
    note = "[Erratum: JHEP 04, 133 (2021)]"
}
@inproceedings{Pol:2020weg,
    author = "Pol, Adrian Alan and Berger, Victor and Cerminara, Gianluca and Germain, Cecile and Pierini, Maurizio",
    title = "{Anomaly Detection With Conditional Variational Autoencoders}",
    booktitle = "{Eighteenth International Conference on Machine Learning and Applications}",
    eprint = "2010.05531",
    archivePrefix = "arXiv",
    primaryClass = "cs.LG",
    month = "10",
    year = "2020"
}
@article{vanBeekveld:2020txa,
    author = "van Beekveld, Melissa and Caron, Sascha and Hendriks, Luc and Jackson, Paul and Leinweber, Adam and Otten, Sydney and Patrick, Riley and Ruiz De Austri, Roberto and Santoni, Marco and White, Martin",
    title = "{Combining outlier analysis algorithms to identify new physics at the LHC}",
    eprint = "2010.07940",
    archivePrefix = "arXiv",
    primaryClass = "hep-ph",
    month = "10",
    year = "2020"
}
@article{Park:2020pak,
    author = "Park, Sang Eon and Rankin, Dylan and Udrescu, Silviu-Marian and Yunus, Mikaeel and Harris, Philip",
    title = "{Quasi Anomalous Knowledge: Searching for new physics with embedded knowledge}",
    eprint = "2011.03550",
    archivePrefix = "arXiv",
    primaryClass = "hep-ph",
    doi = "10.1007/JHEP06(2021)030",
    journal = "JHEP",
    volume = "21",
    pages = "030",
    year = "2020"
}
@article{Chakravarti:2021svb,
    author = "Chakravarti, Purvasha and Kuusela, Mikael and Lei, Jing and Wasserman, Larry",
    title = "{Model-Independent Detection of New Physics Signals Using Interpretable Semi-Supervised Classifier Tests}",
    eprint = "2102.07679",
    archivePrefix = "arXiv",
    primaryClass = "stat.AP",
    month = "2",
    year = "2021"
}
@article{Faroughy:2020gas,
    author = "Faroughy, Darius A.",
    title = "{Uncovering hidden new physics patterns in collider events using Bayesian probabilistic models}",
    eprint = "2012.08579",
    archivePrefix = "arXiv",
    primaryClass = "hep-ph",
    doi = "10.22323/1.390.0238",
    journal = "PoS",
    volume = "ICHEP2020",
    pages = "238",
    year = "2021"
}
@article{Finke:2021sdf,
    author = {Finke, Thorben and Kr\"amer, Michael and Morandini, Alessandro and M\"uck, Alexander and Oleksiyuk, Ivan},
    title = "{Autoencoders for unsupervised anomaly detection in high energy physics}",
    eprint = "2104.09051",
    archivePrefix = "arXiv",
    primaryClass = "hep-ph",
    reportNumber = "TTK-21-12",
    doi = "10.1007/JHEP06(2021)161",
    journal = "JHEP",
    volume = "06",
    pages = "161",
    year = "2021"
}
@article{Atkinson:2021nlt,
    author = "Atkinson, Oliver and Bhardwaj, Akanksha and Englert, Christoph and Ngairangbam, Vishal S. and Spannowsky, Michael",
    title = "{Anomaly detection with Convolutional Graph Neural Networks}",
    eprint = "2105.07988",
    archivePrefix = "arXiv",
    primaryClass = "hep-ph",
    reportNumber = "IPPP/20/102",
    month = "5",
    year = "2021"
}
@article{Kahn:2021drv,
    author = "Kahn, Alan and Gonski, Julia and Ochoa, In\^es and Williams, Daniel and Brooijmans, Gustaaf",
    title = "{Anomalous jet identification via sequence modeling}",
    eprint = "2105.09274",
    archivePrefix = "arXiv",
    primaryClass = "hep-ph",
    doi = "10.1088/1748-0221/16/08/P08012",
    journal = "JINST",
    volume = "16",
    number = "08",
    pages = "P08012",
    year = "2021"
}
@article{Govorkova:2021hqu,
    author = "Govorkova, Ekaterina and Puljak, Ema and Aarrestad, Thea and Pierini, Maurizio and Wo\'zniak, Kinga Anna and Ngadiuba, Jennifer",
    title = "{LHC physics dataset for unsupervised New Physics detection at 40 MHz}",
    eprint = "2107.02157",
    archivePrefix = "arXiv",
    primaryClass = "physics.data-an",
    reportNumber = "FERMILAB-PUB-21-338-CMS",
    month = "7",
    year = "2021"
}
@article{Govorkova:2021utb,
    author = "Govorkova, Ekaterina and others",
    title = "{Autoencoders on FPGAs for real-time, unsupervised new physics detection at 40 MHz at the Large Hadron Collider}",
    eprint = "2108.03986",
    archivePrefix = "arXiv",
    primaryClass = "physics.ins-det",
    month = "8",
    year = "2021"
}


@ARTICLE{2013arXiv1312.6114K,
       author = {{Kingma}, Diederik P and {Welling}, Max},
        title = "{Auto-Encoding Variational Bayes}",
      journal = {arXiv e-prints},
     keywords = {Statistics - Machine Learning, Computer Science - Machine Learning},
         year = 2013,
        month = dec,
          eid = {arXiv:1312.6114},
        pages = {arXiv:1312.6114},
archivePrefix = {arXiv},
       eprint = {1312.6114},
 primaryClass = {stat.ML},
       adsurl = {https://ui.adsabs.harvard.edu/abs/2013arXiv1312.6114K},
      adsnote = {Provided by the SAO/NASA Astrophysics Data System}
}

@ARTICLE{2015arXiv150505770J,
       author = {{Jimenez Rezende}, Danilo and {Mohamed}, Shakir},
        title = "{Variational Inference with Normalizing Flows}",
      journal = {arXiv e-prints},
     keywords = {Statistics - Machine Learning, Computer Science - Artificial Intelligence, Computer Science - Machine Learning, Statistics - Computation, Statistics - Methodology},
         year = 2015,
        month = may,
          eid = {arXiv:1505.05770},
        pages = {arXiv:1505.05770},
archivePrefix = {arXiv},
       eprint = {1505.05770},
 primaryClass = {stat.ML},
       adsurl = {https://ui.adsabs.harvard.edu/abs/2015arXiv150505770J},
      adsnote = {Provided by the SAO/NASA Astrophysics Data System}
}

@InProceedings{pmlr-v80-ruff18a,
  title = 	 {Deep One-Class Classification},
  author =       {Ruff, Lukas and Vandermeulen, Robert and Goernitz, Nico and Deecke, Lucas and Siddiqui, Shoaib Ahmed and Binder, Alexander and M{\"u}ller, Emmanuel and Kloft, Marius},
  booktitle = 	 {Proceedings of the 35th International Conference on Machine Learning},
  pages = 	 {4393--4402},
  year = 	 {2018},
  editor = 	 {Dy, Jennifer and Krause, Andreas},
  volume = 	 {80},
  series = 	 {Proceedings of Machine Learning Research},
  month = 	 {10--15 Jul},
  publisher =    {PMLR},
  pdf = 	 {http://proceedings.mlr.press/v80/ruff18a/ruff18a.pdf},
  url = 	 {https://proceedings.mlr.press/v80/ruff18a.html},
  abstract = 	 {Despite the great advances made by deep learning in many machine learning problems, there is a relative dearth of deep learning approaches for anomaly detection. Those approaches which do exist involve networks trained to perform a task other than anomaly detection, namely generative models or compression, which are in turn adapted for use in anomaly detection; they are not trained on an anomaly detection based objective. In this paper we introduce a new anomaly detection method—Deep Support Vector Data Description—, which is trained on an anomaly detection based objective. The adaptation to the deep regime necessitates that our neural network and training procedure satisfy certain properties, which we demonstrate theoretically. We show the effectiveness of our method on MNIST and CIFAR-10 image benchmark datasets as well as on the detection of adversarial examples of GTSRB stop signs.}
}
@article{Hallin:2021wme,
    author = "Hallin, Anna and Isaacson, Joshua and Kasieczka, Gregor and Krause, Claudius and Nachman, Benjamin and Quadfasel, Tobias and Schlaffer, Matthias and Shih, David and Sommerhalder, Manuel",
    title = "{Classifying Anomalies THrough Outer Density Estimation (CATHODE)}",
    eprint = "2109.00546",
    archivePrefix = "arXiv",
    primaryClass = "hep-ph",
    reportNumber = "EFI-20-5, FERMILAB-PUB-21-389-T",
    month = "9",
    year = "2021"
}
@article{Gonski:2021jek,
    author = "Gonski, Julia and Lai, Jerry and Nachman, Benjamin and Ochoa, In\^es",
    title = "{High-dimensional Anomaly Detection with Radiative Return in $e^{+}e^{-}$ Collisions}",
    eprint = "2108.13451",
    archivePrefix = "arXiv",
    primaryClass = "hep-ph",
    month = "8",
    year = "2021"
}